% !Mode:: "TeX:UTF-8"


@article{Li2018Intelligent,
	title={Intelligent Power Control for Spectrum Sharing in Cognitive Radios: A Deep Reinforcement Learning Approach},
	author={Li, Xingjian and Fang, Jun and Cheng, Wen and Duan, Huiping and Chen, Zhi and Li, Hongbin},
	journal={IEEE Access},
	volume={6},
	pages={25463-25473},
	year={2018},
}

@ARTICLE{8368236,
	
	author={J. {Liu} and Y. {Shi} and Z. M. {Fadlullah} and N. {Kato}},
	
	journal={IEEE Communications Surveys   Tutorials}, 
	
	title={Space-Air-Ground Integrated Network: A Survey}, 
	
	year={2018},
	
	volume={20},
	
	number={4},
	
	pages={2714-2741},}

@INPROCEEDINGS{7879675,
	
	author={T. {Liu} and B. {Sun} and Z. {Li} and Z. {Dou}},
	
	booktitle={2016 IEEE International Conference on Electronic Information and Communication Technology (ICEICT)}, 
	
	title={Analysis of channel characteristics and channel model for satellite communication system}, 
	
	year={2016},
	
	volume={},
	
	number={},
	
	pages={166-169},}

@INPROCEEDINGS{7127619,
	
	author={P. {Si} and F. R. {Yu} and R. {Yang} and Y. {Zhang}},
	
	booktitle={2015 IEEE Wireless Communications and Networking Conference (WCNC)}, 
	
	title={Dynamic spectrum management for heterogeneous UAV networks with navigation data assistance}, 
	
	year={2015},
	
	volume={},
	
	number={},
	
	pages={1078-1083},}

@INPROCEEDINGS{8116396,
	
	author={T. {Li} and H. {Zhou} and H. {Luo} and W. {Quan} and Q. {Xu} and G. {Li} and G. {Li}},
	
	booktitle={2017 IEEE Conference on Computer Communications Workshops (INFOCOM WKSHPS)}, 
	
	title={Timeout Strategy-based Mobility Management for Software Defined Satellite Networks}, 
	
	year={2017},
	
	volume={},
	
	number={},
	
	pages={319-324},}

@INPROCEEDINGS{7925019,
	
	author={ {Xiaoshen Xu} and  {Baohua Kou} and  {Ligang Fei} and  {Dandan Fan} and  {Lei Zhou} and  {Zhenhui Guo}},
	
	booktitle={2016 2nd IEEE International Conference on Computer and Communications (ICCC)}, 
	
	title={Study on mobility technologies of space-ground integrated IP network toward GEO satellites}, 
	
	year={2016},
	
	volume={},
	
	number={},
	
	pages={1832-1836},}

@ARTICLE{6587995,
	
	author={B. {Fu} and Y. {Xiao} and H. {Deng} and H. {Zeng}},
	
	journal={IEEE Communications Surveys   Tutorials}, 
	
	title={A Survey of Cross-Layer Designs in Wireless Networks}, 
	
	year={2014},
	
	volume={16},
	
	number={1},
	
	pages={110-126},}

@ARTICLE{8612450,
	
	author={N. {Kato} and Z. M. {Fadlullah} and F. {Tang} and B. {Mao} and S. {Tani} and A. {Okamura} and J. {Liu}},
	
	journal={IEEE Wireless Communications}, 
	
	title={Optimizing Space-Air-Ground Integrated Networks by Artificial Intelligence}, 
	
	year={2019},
	
	volume={26},
	
	number={4},
	
	pages={140-147},}

@INPROCEEDINGS{8254101,
	
	author={O. {Naparstek} and K. {Cohen}},
	
	booktitle={GLOBECOM 2017 - 2017 IEEE Global Communications Conference}, 
	
	title={Deep Multi-User Reinforcement Learning for Dynamic Spectrum Access in Multichannel Wireless Networks}, 
	
	year={2017},
	
	volume={},
	
	number={},
	
	pages={1-7},}

@ARTICLE{8303773,
	
	author={S. {Wang} and H. {Liu} and P. H. {Gomes} and B. {Krishnamachari}},
	
	journal={IEEE Transactions on Cognitive Communications and Networking}, 
	
	title={Deep Reinforcement Learning for Dynamic Multichannel Access in Wireless Networks}, 
	
	year={2018},
	
	volume={4},
	
	number={2},
	
	pages={257-265},}

@INPROCEEDINGS{8403658,
	author={F. {Shah-Mohammadi} and A. {Kwasinski}},
	booktitle={2018 IEEE International Conference on Communications Workshops (ICC Workshops)},
	title={Deep Reinforcement Learning Approach to QoE-Driven Resource Allocation for Spectrum Underlay in Cognitive Radio Networks},
	year={2018},
	volume={},
	number={},
	pages={1-6},}

@ARTICLE{6998030,
	author={J. {Huang} and Y. {Yin} and Y. {Zhao} and Q. {Duan} and W. {Wang} and S. {Yu}},
	journal={IEEE Transactions on Emerging Topics in Computing},
	title={A Game-Theoretic Resource Allocation Approach for Intercell Device-to-Device Communications in Cellular Networks},
	year={2016},
	volume={4},
	number={4},
	pages={475-486},}

@ARTICLE{7833211,
	author={T. {Yang} and R. {Zhang} and X. {Cheng} and L. {Yang}},
	journal={IEEE Transactions on Vehicular Technology},
	title={Graph Coloring Based Resource Sharing (GCRS) Scheme for D2D Communications Underlaying Full-Duplex Cellular Networks},
	year={2017},
	volume={66},
	number={8},
	pages={7506-7517},}

@ARTICLE{8336853,
	author={H. {Takshi} and G. {Doǧan} and H. {Arslan}},
	journal={IEEE Access},
	title={Joint Optimization of Device to Device Resource and Power Allocation Based on Genetic Algorithm},
	year={2018},
	volume={6},
	number={},
	pages={21173-21183},}

@article{Ahmad2009Optimality,
	title={Optimality of Myopic Sensing in Multichannel Opportunistic Access},
	author={Ahmad, S. and Mingyan Liu and Javidi, T. and Qing Zhao and Krishnamachari, B.},
	volume={55},
	number={9},
	pages={4040-4050},
	year={2009},}

@article{Grandhi1998Constrained,
	title={Constrained Power Control},
	author={Grandhi, Sudheer A. and Zander, Jens and Yates, Roy},
	journal={Wireless Personal Communications},
	volume={1},
	number={4},
	pages={257-270},
	year={1998},}

@article{mnih2013playing,
	title={Playing Atari with Deep Reinforcement Learning},
	author={Mnih, Volodymyr and Kavukcuoglu, Koray and Silver, David and Graves, Alex and Antonoglou, Ioannis and Wierstra, Daan and Riedmiller, Martin},
	journal={arXiv: Learning},
	year={2013}}

@article{廖晓闽2019基于深度强化学习的蜂窝网资源分配算法,
	title={基于深度强化学习的蜂窝网资源分配算法},
	author={廖晓闽 and 严少虎 and 石嘉 and 谭震宇 and 赵钟灵 and 李赞},
	journal={通信学报},
	volume={040},
	number={002},
	pages={11-18},
	year={2019},}

@article{Wang2015Dueling,
	title={Dueling Network Architectures for Deep Reinforcement Learning},
	author={Wang, Ziyu and Schaul, Tom and Hessel, Matteo and Van Hasselt, Hado and Lanctot, Marc and De Freitas, Nando},
	year={2015}}

